<?xml version="1.0" encoding="UTF-8"?><collection xmlns="http://www.loc.gov/MARC21/slim"><record><leader>00421nam--2200133-i-4500</leader><controlfield tag="001">000003370</controlfield><controlfield tag="002">20161230</controlfield><controlfield tag="005">20161230201025</controlfield><controlfield tag="008">060222s1000------------r-----000-0-eng-d</controlfield><datafield ind1=" " ind2=" " tag="080"><subfield code="a">666.17.032.542.2:666.17.032</subfield></datafield><datafield ind1=" " ind2=" " tag="100"><subfield code="a">Barr, W.E., Anhorn, Victor J</subfield></datafield><datafield ind1=" " ind2=" " tag="245"><subfield code="a">Scientific and industrial glass blowing and laboratory techniques</subfield></datafield><datafield ind1=" " ind2=" " tag="260"><subfield code="a">Pittsburgh,  Instruments Publishing Company , 1949 Viii + 388 P</subfield></datafield><datafield ind1=" " ind2=" " tag="852"><subfield code="a">1053</subfield></datafield></record></collection>